@article{chung2022scaling,
  title={Scaling instruction-finetuned language models},
  author={Chung, Hyung Won and Hou, Le and Longpre, Shayne and Zoph, Barret and Tay, Yi and Fedus, William and Li, Yunxuan and Wang, Xuezhi and Dehghani, Mostafa and Brahma, Siddhartha and others},
  journal={arXiv preprint arXiv:2210.11416},
  year={2022}
}

@inproceedings{tan2016winning,
  title={Winning arguments: Interaction dynamics and persuasion strategies in good-faith online discussions},
  author={Tan, Chenhao and Niculae, Vlad and Danescu-Niculescu-Mizil, Cristian and Lee, Lillian},
  booktitle={Proceedings of the 25th international conference on world wide web},
  pages={613--624},
  year={2016}
}

@article{vosoughi2018spread,
  title={The spread of true and false news online},
  author={Vosoughi, Soroush and Roy, Deb and Aral, Sinan},
  journal={Science},
  volume={359},
  number={6380},
  pages={1146--1151},
  year={2018},
  publisher={American Association for the Advancement of Science}
}

@article{kotonya2020explainable,
  title={Explainable automated fact-checking: A survey},
  author={Kotonya, Neema and Toni, Francesca},
  journal={arXiv preprint arXiv:2011.03870},
  year={2020}
}

@inproceedings{thorne2018fever,
  title={{FEVER}: a Large-scale Dataset for Fact Extraction and {VER}ification},
  author={Thorne, James and Vlachos, Andreas and Christodoulopoulos, Christos and Mittal, Arpit},
  booktitle={Proceedings of the 2018 Conference of the North American Chapter of the Association for Computational Linguistics: Human Language Technologies, Volume 1 (Long Papers)},
  pages={809--819},
  year={2018},
  publisher={Association for Computational Linguistics},
  doi={10.18653/v1/N18-1074}
}

@inproceedings{popat2017truth,
  title={The truth of varying shades: Analyzing language in fake news and political fact-checking},
  author={Popat, Kashyap and Mukherjee, Subhabrata and Str{\"o}tgen, Jannik and Weikum, Gerhard},
  booktitle={Proceedings of the 2017 conference on empirical methods in natural language processing},
  pages={2931--2937},
  year={2017},
  publisher={Association for Computational Linguistics},
  doi={10.18653/v1/D17-1317}
}

@book{toulmin2003uses,
  title={The uses of argument},
  author={Toulmin, Stephen E},
  year={2003},
  publisher={Cambridge University Press},
  edition={Updated},
  isbn={9780521534833}
}

@article{du2023improving,
  title={Improving factuality and reasoning in language models through multiagent debate},
  author={Du, Yilun and Li, Shuang and Torralba, Antonio and Tenenbaum, Joshua B and Mordatch, Igor},
  journal={arXiv preprint arXiv:2305.14325},
  year={2023}
}

@inproceedings{liang2023encouraging,
  title={Encouraging divergent thinking in large language models through multi-agent debate},
  author={Liang, Tian and He, Zhiwei and Jiao, Wenxiang and Wang, Xingshan and Wang, Yan and Wang, Rui and Yang, Yujiu and Tu, Zhaopeng and Shi, Shuming},
  booktitle={arXiv preprint arXiv:2305.19118},
  year={2023}
}

@inproceedings{reimers2019sentence,
  title={Sentence-{BERT}: Sentence Embeddings using Siamese {BERT}-Networks},
  author={Reimers, Nils and Gurevych, Iryna},
  booktitle={Proceedings of the 2019 Conference on Empirical Methods in Natural Language Processing and the 9th International Joint Conference on Natural Language Processing (EMNLP-IJCNLP)},
  pages={3982--3992},
  year={2019},
  month={November},
  address={Hong Kong, China},
  publisher={Association for Computational Linguistics},
  doi={10.18653/v1/D19-1410}
}

@inproceedings{atanasova2020generating,
  title={Generating Fact Checking Explanations},
  author={Atanasova, Pepa and Simonsen, Jakob Grue and Lioma, Christina and Augenstein, Isabelle},
  booktitle={Proceedings of the 58th Annual Meeting of the Association for Computational Linguistics},
  pages={7352--7364},
  year={2020},
  month={July},
  address={Online},
  publisher={Association for Computational Linguistics},
  doi={10.18653/v1/2020.acl-main.656}
}

@inproceedings{hu2021lora,
  title={{LoRA}: Low-Rank Adaptation of Large Language Models},
  author={Hu, Edward J. and Shen, Yelong and Wallis, Phillip and Allen-Zhu, Zeyuan and Li, Yuanzhi and Wang, Shean and Wang, Lu and Chen, Weizhu},
  booktitle={International Conference on Learning Representations},
  year={2022},
  url={https://openreview.net/forum?id=nZeVKeeFYf9}
}