

@article{t5,
  author       = {Hyung Won Chung and
                  Le Hou and
                  Shayne Longpre and
                  Barret Zoph and
                  Yi Tay and
                  William Fedus and
                  Eric Li and
                  Xuezhi Wang and
                  Mostafa Dehghani and
                  Siddhartha Brahma and
                  Albert Webson and
                  Shixiang Shane Gu and
                  Zhuyun Dai and
                  Mirac Suzgun and
                  Xinyun Chen and
                  Aakanksha Chowdhery and
                  Sharan Narang and
                  Gaurav Mishra and
                  Adams Yu and
                  Vincent Y. Zhao and
                  Yanping Huang and
                  Andrew M. Dai and
                  Hongkun Yu and
                  Slav Petrov and
                  Ed H. Chi and
                  Jeff Dean and
                  Jacob Devlin and
                  Adam Roberts and
                  Denny Zhou and
                  Quoc V. Le and
                  Jason Wei},
  title        = {Scaling Instruction-Finetuned Language Models},
  journal      = {CoRR},
  volume       = {abs/2210.11416},
  year         = {2022},
  url          = {https://doi.org/10.48550/arXiv.2210.11416},
  doi          = {10.48550/ARXIV.2210.11416},
  eprinttype    = {arXiv},
  eprint       = {2210.11416},
  timestamp    = {Mon, 04 Dec 2023 13:56:31 +0100},
  biburl       = {https://dblp.org/rec/journals/corr/abs-2210-11416.bib},
  bibsource    = {dblp computer science bibliography, https://dblp.org}
}
@article{winarg,
  author       = {Chenhao Tan and
                  Vlad Niculae and
                  Cristian Danescu{-}Niculescu{-}Mizil and
                  Lillian Lee},
  title        = {Winning Arguments: Interaction Dynamics and Persuasion Strategies
                  in Good-faith Online Discussions},
  journal      = {CoRR},
  volume       = {abs/1602.01103},
  year         = {2016},
  url          = {http://arxiv.org/abs/1602.01103},
  eprinttype    = {arXiv},
  eprint       = {1602.01103},
  timestamp    = {Mon, 13 Aug 2018 16:46:53 +0200},
  biburl       = {https://dblp.org/rec/journals/corr/TanNDL16.bib},
  bibsource    = {dblp computer science bibliography, https://dblp.org}
}
@article{FEVER,
  author       = {James Thorne and
                  Andreas Vlachos and
                  Christos Christodoulopoulos and
                  Arpit Mittal},
  title        = {{FEVER:} a large-scale dataset for Fact Extraction and VERification},
  journal      = {CoRR},
  volume       = {abs/1803.05355},
  year         = {2018},
  url          = {http://arxiv.org/abs/1803.05355},
  eprinttype    = {arXiv},
  eprint       = {1803.05355},
  timestamp    = {Sun, 06 Oct 2024 21:22:42 +0200},
  biburl       = {https://dblp.org/rec/journals/corr/abs-1803-05355.bib},
  bibsource    = {dblp computer science bibliography, https://dblp.org}
}